@book{gopl,
    title={{The Go Programming Language}},
    author={{Donovan, Alan A. A. and Kernighan, Brian W.}},
    year=2015,
    publisher={{Addison-Wesley}},
    isbn={978-0134190440}
}
